@misc{survey_hallucinations,
      title={{A Survey on Hallucination in Large Language Models: Principles, Taxonomy, Challenges, and Open Questions}},
      author={Lei Huang and Weijiang Yu and Weitao Ma and Weihong Zhong and Zhangyin Feng and Haotian Wang and Qianglong Chen and Weihua Peng and Xiaocheng Feng and Bing Qin and Ting Liu},
      year={2023},
      eprint={2311.05232},
      archivePrefix={arXiv},
      primaryClass={cs.CL}
}

@misc{hallucination_is_inevitable,
      title={{Hallucination is Inevitable: An Innate Limitation of Large Language Models}},
      author={Ziwei Xu and Sanjay Jain and Mohan Kankanhalli},
      year={2024},
      eprint={2401.11817},
      archivePrefix={arXiv},
      primaryClass={cs.CL}
}

@misc{rag_foundational,
      title={Retrieval-Augmented Generation for Knowledge-Intensive NLP Tasks}, 
      author={Patrick Lewis and Ethan Perez and Aleksandra Piktus and Fabio Petroni and Vladimir Karpukhin and Naman Goyal and Heinrich Küttler and Mike Lewis and Wen-tau Yih and Tim Rocktäschel and Sebastian Riedel and Douwe Kiela},
      year={2021},
      eprint={2005.11401},
      archivePrefix={arXiv},
      primaryClass={cs.CL}
}

@misc{atlas_foundational,
      title={Atlas: Few-shot Learning with Retrieval Augmented Language Models}, 
      author={Gautier Izacard and Patrick Lewis and Maria Lomeli and Lucas Hosseini and Fabio Petroni and Timo Schick and Jane Dwivedi-Yu and Armand Joulin and Sebastian Riedel and Edouard Grave},
      year={2022},
      eprint={2208.03299},
      archivePrefix={arXiv},
      primaryClass={cs.CL}
}

@misc{few_shot_learning,
      title={Language Models are Few-Shot Learners}, 
      author={Tom B. Brown and Benjamin Mann and others},
      year={2020},
      eprint={2005.14165},
      archivePrefix={arXiv},
      primaryClass={cs.CL}
}

@inproceedings{shall_we_pretrain_autoregressive,
    title = "Shall We Pretrain Autoregressive Language Models with Retrieval? A Comprehensive Study",
    author = "Wang, Boxin  and
      Ping, Wei  and
      Xu, Peng  and
      McAfee, Lawrence  and
      Liu, Zihan  and
      Shoeybi, Mohammad  and
      Dong, Yi  and
      Kuchaiev, Oleksii  and
      Li, Bo  and
      Xiao, Chaowei  and
      Anandkumar, Anima  and
      Catanzaro, Bryan",
    editor = "Bouamor, Houda  and
      Pino, Juan  and
      Bali, Kalika",
    booktitle = "Proceedings of the 2023 Conference on Empirical Methods in Natural Language Processing",
    month = dec,
    year = "2023",
    address = "Singapore",
    publisher = "Association for Computational Linguistics",
    url = "https://aclanthology.org/2023.emnlp-main.482",
    doi = "10.18653/v1/2023.emnlp-main.482",
    pages = "7763--7786",
}

@misc{retro,
      title={Improving language models by retrieving from trillions of tokens}, 
      author={Sebastian Borgeaud and Arthur Mensch and Jordan Hoffmann and Trevor Cai and Eliza Rutherford and Katie Millican and George van den Driessche and Jean-Baptiste Lespiau and Bogdan Damoc and Aidan Clark and Diego de Las Casas and Aurelia Guy and Jacob Menick and Roman Ring and Tom Hennigan and Saffron Huang and Loren Maggiore and Chris Jones and Albin Cassirer and Andy Brock and Michela Paganini and Geoffrey Irving and Oriol Vinyals and Simon Osindero and Karen Simonyan and Jack W. Rae and Erich Elsen and Laurent Sifre},
      year={2022},
      eprint={2112.04426},
      archivePrefix={arXiv},
      primaryClass={cs.CL}
}

@misc{selfrag,
      title={{Self-RAG: Learning to Retrieve, Generate, and Critique through Self-Reflection}}, 
      author={Akari Asai and Zeqiu Wu and Yizhong Wang and Avirup Sil and Hannaneh Hajishirzi},
      year={2023},
      eprint={2310.11511},
      archivePrefix={arXiv},
      primaryClass={cs.CL}
}

@misc{ragged,
      title={RAGGED: Towards Informed Design of Retrieval Augmented Generation Systems}, 
      author={Jennifer Hsia and Afreen Shaikh and Zhiruo Wang and Graham Neubig},
      year={2024},
      eprint={2403.09040},
      archivePrefix={arXiv},
      primaryClass={cs.CL}
}

