/home/mfixman/TP/Thesis/Report/knowledge_grounding.bib